<record><leader>00000cas a22000007a 4500</leader><controlfield tag="001">22349643</controlfield><controlfield tag="008">900910d195919uuohuwr ne      0    0eng d</controlfield><datafield ind1=" " ind2=" " tag="010"><subfield code="a">sn 90068291 </subfield></datafield><datafield ind1=" " ind2=" " tag="040"><subfield code="a">ONP</subfield><subfield code="b">eng</subfield><subfield code="c">ONP</subfield><subfield code="d">OCLCQ</subfield></datafield><datafield ind1=" " ind2=" " tag="042"><subfield code="a">msc</subfield></datafield><datafield ind1="0" ind2=" " tag="130"><subfield code="a">Twinsburg bulletin (Twinsburg, Ohio : 1959)</subfield></datafield><datafield ind1="1" ind2="0" tag="245"><subfield code="a">Twinsburg bulletin.</subfield></datafield><datafield ind1=" " ind2=" " tag="260"><subfield code="a">Twinsburg, Ohio :</subfield><subfield code="b">Paul McGhee,</subfield><subfield code="c">1959-</subfield></datafield><datafield ind1=" " ind2=" " tag="300"><subfield code="a">v.</subfield></datafield><datafield ind1=" " ind2=" " tag="310"><subfield code="a">Weekly</subfield></datafield><datafield ind1="0" ind2=" " tag="362"><subfield code="a">4th year, no. 21 (May 28, 1959) = Miracle no. 151-</subfield></datafield><datafield ind1=" " ind2="4" tag="651"><subfield code="a">Twinsburg (Ohio)</subfield><subfield code="v">Newspapers.</subfield></datafield><datafield ind1=" " ind2="4" tag="651"><subfield code="a">Summit County (Ohio)</subfield><subfield code="v">Newspapers.</subfield></datafield><datafield ind1=" " ind2=" " tag="752"><subfield code="a">United States</subfield><subfield code="b">Ohio</subfield><subfield code="c">Summit</subfield><subfield code="d">Twinsburg.</subfield></datafield><datafield ind1="0" ind2="0" tag="780"><subfield code="t">Twinsburg bulletin and Aurora news</subfield><subfield code="w">(DLC)sn 90068292</subfield></datafield><datafield ind1="0" ind2="0" tag="785"><subfield code="t">Bulletin (Twinsburg, Ohio)</subfield><subfield code="w">(DLC)sn 88078425</subfield></datafield><datafield ind1="1" ind2=" " tag="029"><subfield code="a">AU@</subfield><subfield code="b">000025874103</subfield></datafield></record>